@Book{DRAGONBOOK,
  author = {Alfred V. {Aho} and Monica S. {Lam} and Ravi {Sethi} and Jeffrey D. {Ullman}},
  title = {Compilers: principles, techniques, and tools},
  publisher = {Pearson/Addison Wesley},
  address = {Boston, MA, USA},
  edition = {Second},
  year = {2007},
  ISBN = {0-321-49169-6},
  ISBN-13 = {978-0-321-49169-5}
}

@book{NIELSON,
    author       = {Hanne Riis {Nielson} and Flemming {Nielson}},
    title        = {Semantics with Applications: An Appetizer},
    year         = {2007},
    keywords     = {Axiomatic semantics, Operational Semantics, Proof Systems, Security Validation, Static Analysers},
    pages        = {274},
    series       = {Undergraduate Topics in Computer Science},
    publisher    = {Springer},
    isbn_issn    = {978-1-84628-691-9}
}

@article{DENNING76,
  author    = {Dorothy E. {Denning}},
  title     = {A Lattice Model of Secure Information Flow},
  journal   = {Communications of the ACM},
  volume    = {19},
  number    = {5},
  year      = {1976},
  pages     = {236-243},
  bibsource = {DBLP, http://dblp.uni-trier.de}
}

@article{DENNING77,
  author    = {Dorothy E. {Denning} and Peter J. {Denning}},
  title     = {Certification of Programs for Secure Information Flow},
  journal   = {Communications of the ACM},
  volume    = {20},
  number    = {7},
  year      = {1977},
  pages     = {504-513},
  bibsource = {DBLP, http://dblp.uni-trier.de}
}

@article{VSI96,
  author    = {Dennis M. {Volpano} and Geoffrey {Smith} and Cynthia E. {Irvine}},
  title     = {A Sound Type System for Secure Flow Analysis},
  journal   = {Journal of Computer Security},
  volume    = {4},
  number    = {2/3},
  year      = {1996},
  pages     = {167-188},
  bibsource = {DBLP, http://dblp.uni-trier.de}
}

G.D. Plotkin, A structural approach to operational semantics, DAIMI Report FN-19, Computer Science Department, Aarhus University, 1981.
@techreport{PLOTKIN,
  author = {Gordon D. {Plotkin}},
  title = {A Structural Approach to Operational Semantics},
  type = {DAIMI Report},
  number = {FN-19},
  institution = {Computer Science Department of Aarhus University},
  year = {1981},
  bibsource = {CiteSeerX, http://citeseerx.ist.psu.edu/viewdoc/summary?doi=10.1.1.4.8186}
}

@techreport{C++,
  key = {C++10},
  author       = {JTC1/SC22/WG21 -- The C++ Standards Committee},
  institution  = {International Organization for Standardization ({ISO})},
  title        = {{Programming Languages --- C++}},
  address      = {Geneva, Switzerland},
  type         = {Draft International Standard},
  number       = {ISO\slash IEC JTC1 SC22 WG21 N 3092 14882:1998},
  year         = {2010}
}


1) If you need to refer to the original Sharemind machine, refer to

Bogdanov, Dan., Laur, Sven., Willemson, Jan. Sharemind: a framework for
fast privacy-preserving computations. In Proceedings of 13th European
Symposium on Research in Computer Security, ESORICS 2008, LNCS, vol.
5283, pp. 192-206. Springer, Heidelberg (2008)

@INPROCEEDINGS{SHAREMIND,
  author = {Dan {Bogdanov} and Sven {Laur} and Jan {Willemson}},
  title = {{Sharemind}: A Framework for Fast Privacy-Preserving Computations},
  booktitle = {ESORICS '08: Proceedings of the 13th European Symposium on Research in Computer Security},
  year = {2008},
  pages = {192--206},
  address = {Berlin, Heidelberg},
  publisher = {Springer-Verlag},
  doi = {http://dx.doi.org/10.1007/978-3-540-88313-5_13},
  isbn = {978-3-540-88312-8},
  location = {M\'{a}laga, Spain}
}

2) If you need to refer to the Sharemind application model (assembly in
miners, data entry and analysis with controller applications, hybrid
model) or some general application results, refer to:

Bogdanov, Dan., Jagomägis, Roman., Laur, Sven. Privacy-Preserving
Applications in the Hybrid Execution Model. Submitted. 2009.

@article{HYBRID,
  author = {Dan {Bogdanov} and Roman {Jagomägis} and Sven {Laur}},
  title = {Privacy-Preserving Applications in the Hybrid Execution Model},
  note = {(submitted)},
  year = {2009}
}

3) If you need to refer to the Sharemind as a data mining tool or some
data mining results, refer to:

Bogdanov, Dan., Jagomägis, Roman., Laur, Sven. Sharemind: a practical
toolkit for privacy-preserving data mining. Submitted. 2009.

@article{DATAMINING,
  author = {Dan {Bogdanov} and Roman {Jagomägis} and Sven {Laur}},
  title = {{Sharemind}: a practical toolkit for privacy-preserving data mining},
  note = {(submitted)},
  year = {2009}
}

Bogdanov, Dan., Jagomägis, Roman., Laur, Sven. Privacy-preserving
Histogram Computation and Frequent Itemset Mining with Sharemind.
Cybernetica research report T-4-8. 2009.

@techreport{DATAMINING2,
  author = {Dan {Bogdanov} and Roman {Jagomägis} and Sven {Laur}},
  title = {Privacy-preserving Histogram Computation and Frequent Itemset Mining with {Sharemind}},
  institution = {Cybernetica},
  type = {Research report},
  number = {T-4-8},
  year = {2009}
}

4) If you need to refer to the Sharemind assembly language, refer to:

Jagomägis, Roman. A programming language for creating privacy-preserving
applications. Bachelor's thesis. University of Tartu. 2008

@mastersthesis{ASM,
  author = {Roman {Jagomägis}},
  title = {A programming language for creating privacy-preserving applications},
  school = {University of Tartu},
  type = {Bachelor's thesis},
  year = {2008}
}

5) If you want to refer to using Sharemind in systems with a web-based
component, refer to

Talviste, Riivo., Bogdanov, Dan. An improved method for
privacy-preserving web-based data collection. Cybernetica research
report T-4-5. 2009.

@techreport{WEBDATA,
  author = {Riivo {Talviste} and Dan {Bogdanov}},
  title = {An improved method for privacy-preserving web-based data collection},
  institution = {Cybernetica},
  type = {Research report},
  number = {T-4-5},
  year = {2009}
}

6) If you want to refer to the SecreC language, refer to Roman's
Master's thesis.

Jagomägis, Roman. SecreC - a privacy-aware programming language.
Master's thesis. University of Tartu. 2010.

@mastersthesis{SECREC,
  author = {Roman {Jagomägis}},
  title = {A privacy-aware programming language},
  school = {University of Tartu},
  year = {2010}
}

7) As an additional reference to SecreC, its formal semantics and
analysis methods, refer to Jaak's thesis

Ristioja, Jaak. Guided data-flow analysis for a privacy-preserving
imperative programming language. Master's thesis. University of Tartu. 2010.

@mastersthesis{SEMANTICS,
  author = {Jaak {Ristioja}},
  title = {An analysis framework for an imperative privacy-preserving programming language},
  school = {University of Tartu},
  year = {2010}
}

8) To refer to the SecreC IDE (SecreCIDE), use Reimo's bachelor thesis:

Rebane, Reimo. An integrated development environment for the SecreC
programming language. Bachelor's thesis. University of Tartu. 2010.

@mastersthesis{SECRECIDE,
  author = {Reimo {Rebane}},
  title = {An integrated development environment for the {SecreC} programming language},
  school = {University of Tartu},
  type = {Bachelor's thesis},
  year = {2010}
}

9) To refer to the improvements in the Sharemind database layer (ODBC
support, better performance), refer to

Saar, Risto. Privaatse arvutussüsteemi Sharemind andmebaasikiht.
Bachelor's thesis. University of Tartu. 2010.

@mastersthesis{DATABASE,
  author = {Risto {Saar}},
  title = {Privaatse arvutussüsteemi {Sharemind} andmebaasikiht},
  school = {University of Tartu},
  type = {Bachelor's thesis},
  year = {2010}
}

10) To refer to some interesting work with Sharemind, SecreC and
SecreCIDE, refer to Uddin's Master's thesis.

Uddin, Abu Hamed Mohammad Misbah. Privacy Preserving Collaborative
Anomaly Detection using Secure Multi-party Computation. KTH Royal
Institute of Technology / University of Tartu. 2010.

@mastersthesis{UDDIN,
  author = {Abu Hamed Mohammad Misbah {Uddin}},
  title = {Privacy Preserving Collaborative Anomaly Detection using Secure Multi-party Computation},
  school = {KTH Royal Institute of Technology and University of Tartu},
  year = {2010}
}

11) Kategooriateoreetiline mudel vaikimisi castidele

@article{reynolds1980using,
  title={{Using category theory to design implicit conversions and generic operators}},
  author={Reynolds, J.},
  journal={Semantics-directed compiler generation},
  pages={211--258},
  year={1980},
  publisher={Springer}
}

12) Tüübiteooriast üldist juttu

@article{constable2002naive,
  title={{Naive computational type theory}},
  author={Constable, R.L.},
  journal={Proof and System-Reliability},
  pages={213--259},
  year={2002},
  publisher={Citeseer}
}
